<record xmlns='http://www.loc.gov/MARC21/slim'><leader>02510cam a2200325 a 4500</leader><controlfield tag='001'>156059</controlfield><controlfield tag='005'>20180905183021.0</controlfield><controlfield tag='008'>950202s1995    nyua     b    001 0 eng  </controlfield><datafield ind1=' ' ind2=' ' tag='010'><subfield code='a'>95006133</subfield></datafield><datafield ind1='1' ind2=' ' tag='019'><subfield code='a'>11468313</subfield></datafield><datafield ind1=' ' ind2=' ' tag='020'><subfield code='a'>0393314952</subfield><subfield code='q'>paperback</subfield><subfield code='c'>$14.95p</subfield></datafield><datafield ind1=' ' ind2=' ' tag='020'><subfield code='a'>0393038629</subfield></datafield><datafield ind1=' ' ind2=' ' tag='035'><subfield code='9'>(AuCNLDY)2506675</subfield></datafield><datafield ind1=' ' ind2=' ' tag='035'><subfield code='a'>156059</subfield></datafield><datafield ind1=' ' ind2=' ' tag='040'><subfield code='a'>TOC</subfield><subfield code='b'>eng</subfield><subfield code='c'>TOC</subfield><subfield code='d'>NMQU</subfield></datafield><datafield ind1='0' ind2='0' tag='050'><subfield code='a'>HB1953</subfield><subfield code='b'>.C64 1995</subfield></datafield><datafield ind1='0' ind2='0' tag='082'><subfield code='a'>304.6/1</subfield><subfield code='2'>20</subfield></datafield><datafield ind1='1' ind2=' ' tag='100'><subfield code='a'>Cohen, Joel E.</subfield></datafield><datafield ind1='1' ind2='0' tag='245'><subfield code='a'>How many people can the earth support? /</subfield><subfield code='c'>Joel E. Cohen.</subfield></datafield><datafield ind1=' ' ind2=' ' tag='250'><subfield code='a'>1st ed.</subfield></datafield><datafield ind1=' ' ind2=' ' tag='260'><subfield code='a'>New York :</subfield><subfield code='b'>Norton,</subfield><subfield code='c'>c1995.</subfield></datafield><datafield ind1=' ' ind2=' ' tag='300'><subfield code='a'>x, 532 p. :</subfield><subfield code='b'>ill. ;</subfield><subfield code='c'>24 cm.</subfield></datafield><datafield ind1=' ' ind2=' ' tag='504'><subfield code='a'>Includes bibliographical references (p. [481]-504) and index.</subfield></datafield><datafield ind1='0' ind2=' ' tag='505'><subfield code='a'>Pt. 1. Introduction. 1. Between Choices and Constraints -- Pt. 2. Past Human Population Growth. 2. Four Evolutions in Population Growth. 3. People Control the Growth of Nonhuman Populations. 4. People Control the Growth of Human Populations. 5. Human Population History in Numbers and Graphs. 6. The Uniqueness of the Present Relative to the Past -- Pt. 3. Future Human Population Growth. 7. Projection Methods: The Hazy Crystal Ball. 8. Mathematical cartoons of human population size and carrying capacity.</subfield></datafield><datafield ind1=' ' ind2=' ' tag='520'><subfield code='a'>Past attempts to answer this question have ranged widelyfrom less than 1 billion to more than 1,000 billion - one sign that there is no single right answer. More than half of the estimates, however, fall within a much narrower range: between 4 billion and 16 billion. In any case, with the world population now at 5.7 billion, and increasing by approximately 90 million per year, we have clearly entered a zone where limits on the human carrying capacity of the Earth have been anticipated, and may well be encountered.</subfield></datafield><datafield ind1='8' ind2=' ' tag='520'><subfield code='a'>In this penetrating analysis of one of the most crucial questions of our time, a leading scholar in the field reviews the history of world population growth and gives a refreshingly frank appraisal of what little can be known about its future. In the process, he offers the most comprehensive account yet available of how various people have tried to estimate the planet&apos;s human carrying capacity. Few contemporary writers have addressed the issue of world population growth in such a balanced, objective way, without using it as a pretext to advance a prior political agenda.</subfield></datafield><datafield ind1=' ' ind2='0' tag='650'><subfield code='a'>Population density.</subfield></datafield><datafield ind1=' ' ind2='0' tag='650'><subfield code='a'>Population</subfield><subfield code='x'>Economic aspects.</subfield></datafield><datafield ind1=' ' ind2='0' tag='650'><subfield code='a'>Population forecasting.</subfield></datafield><datafield ind1=' ' ind2=' ' tag='984'><subfield code='a'>ANL</subfield><subfield code='c'>YY 304.61 C678</subfield></datafield></record>